@Article{art:KL,
	author = "N. Kambhatla and T. Leen.",
	title =  "Dimension Reduction by Local Principal Component Analysis",
	journal = "Neural Computation",
	year =   "1997",
    month = "October",
	volume = "9",
    number = "7",
	pages =  "1493-1516",
	bibdate = "Sun Aug 18 19:46 2013"
}

@Article{art:HS,
    author = "G. E. Hinton and R. R. Salakhutdinov",
    title  = "Reducing the Dimensionality of Data with Neural Networks",
    journal = "Science",
    year = "2006",
    month = "July",
    volume = "313",
    number = "5786",
    pages = "504-507",
	bibdate = "Sun Aug 18 19:50 2013"
}

@misc{bk:RR,
  author =       "Raul Rojas",
  title =        "Neural Networks - A Systematic Introduction",
  publisher =    "Springer-Verlag",
  year =         "1996",
  chapter =      "7",
  howpublished = "\url{http://page.mi.fu-berlin.de/rojas/neural/chapter/K7.pdf}",
  urldate = {2013-08-18},
  bibdate =      "Sun Aug 18 19:50 2013",
}

@misc{ol:RBM,
  title = "{R}estricted {B}oltzmann {M}achines {(RBM)}",
  howpublished = "\url{http://deeplearning.net/tutorial/rbm.html}",
  urldate = {2013-08-18},
  bibdate =      "Sun Aug 18 20:02 2013",
}

